@misc{design, title={\href{https://en.wikipedia.org/wiki/Software_design_pattern}{Design Pattern - Wikipedia}}, author={wikipedia}, url={https://en.wikipedia.org/wiki/Software_design_pattern}, journal={www.wikipedia.com}} 


@misc{mvt, title={\href{https://www.javatpoint.com/django-mvt#:~:text=The%20MVT%20(Model%20View%20Template,layer%20which%20handles%20the%20data.}{Django MVT - javatpoint}}, author={javatpoint}, url={https://www.javatpoint.com/djangomvt#:~:text=The\%20MVT\%20(Model\%20View\%20Template,layer\%20which\%20handles\%20the\%20data.}, journal={www.javatpoint.com}} 