 @misc{mvt, title={Django MVT - javatpoint}, url={https://www.javatpoint.com/djangomvt#:~:text=The\%20MVT\%20(Model\%20View\%20Template,layer\%20which\%20handles\%20the\%20data.}, journal={www.javatpoint.com}} 